5180542185442009527;romanian
4350313996737212704;english
7686604286996025599;azerbaijani
12416887692489927674;english
17440400714040737708;english
6213723136238533812;english
993501253641268358;english
16437947655605070327;english
13421672988124634317;english
2820139521177024505;azerbaijani
5193274861516506459;english
6748307801652864938;english
2507218986570403179;english
12781613716213280599;azerbaijani
13429870286940736369;english
8715883365283657324;english
18322179876709494359;azerbaijani
7869488606780215759;english
12648809995751245841;english
12073702942724656619;english
2735782674903695179;english
17630148335127787129;english
11799485328678369365;english
11232887717700070118;english
3631596012614890046;english
12536269832002420368;english
10445801959094582627;english
5761062318034607829;english
7437646333076259068;english
13962286262837449911;danish
2604909659928973579;azerbaijani
13188569266967240824;english
13398927910760683470;english
17423252452930623223;azerbaijani
293432326823059884;english
18045645203880756802;english
4536090223476905787;english
5304642871342202508;english
12971700729487877952;azerbaijani
11960408438150309361;english
11047635273604932245;english
3170551639522089887;english
18407923111358413603;english
15084932675216327900;english
7882826909652903810;english
4360607938358004897;english
437375884120990479;azerbaijani
14257320846477514586;azerbaijani
16863856965777635248;english
8988657401089763728;english
2150581057693006279;english
13621215510702427377;english
2086398808988708379;english
1698547822001362811;english
17100624700949500142;english
6303655756537678487;english
4969623836029244699;english
12303882886881795517;english
8550890908108122363;english
1388556228687680240;azerbaijani
7597655645735906604;english
16928680815432361449;english
16142627642693232780;english
14667672482344553423;english
14847883086865730751;english
15966963650114364980;english
15640514267618114835;english
12164235792328813635;english
653851223551429852;english
13885709565184352535;english
16854327113392245467;english
15167575970034451193;english
6990164236545168334;english
18210880249146751671;english
6380454354227957591;english
9713684291506639028;english
10780692300125979785;english
1697960757501190282;azerbaijani
10460089723490141188;english
114720397525947418;azerbaijani
9086136663138367349;azerbaijani
10338319856848181454;english
7449276113145696426;english
6958606605454080892;english
6241678115441120203;english
2780359164869123226;azerbaijani
3676285266819019776;english
13226526724728960567;english
17014178848320482903;english
12290332889003832548;english
8824124757055968115;english
4346546848448823265;azerbaijani
8671776122528189853;english
16678156709673038647;azerbaijani
8815475656319826596;english
9206591940188996109;english
8219406551321918965;english
4883823475416516270;azerbaijani
3609855567391364711;english
5016641094736228324;english
17909315205035876041;english
3251028555193593501;english
18417604126044275838;english
5078760269503922986;english
676478935210368233;english
13136552810577326315;english
16513307565756302489;english
18258833499174274032;azerbaijani
14317451464927013447;english
11787088024232111710;azerbaijani
303879250260851690;english
15313702104874217141;english
15266930903312900204;english
14798325389338358010;english
16233777530035316990;english
3668746678124142012;english
5457986030314729564;english
13100034960883963166;english
14029084438070819240;english
6372897584072208739;arabic
5191349362201911636;english
10619211784334019857;english
6442909371876499522;azerbaijani
10255313354655187694;english
16068970009887117042;english
9529295930153754777;english
11230422709856953433;azerbaijani
4649414176704982030;english
14155418756247912849;english
3800385954994874433;english
7765596491475826509;english
17586437187876760281;english
2286484517183249856;english
8319318903789601077;english
10112297133781970019;english
3753823341856275402;azerbaijani
14737295492902451216;english
9361624795478740380;english
10801231935220735447;english
7769282447840610685;azerbaijani
8487454751189665454;arabic
17069113409548713145;english
4315379932250189301;english
3345253464826386976;english
99694093519776871;english
11516975149968096271;english
4255792368526564922;danish
12724754113268887661;english
395787488477928420;english
14150180898657703065;english
4590007457491038402;english
16297852117742833201;azerbaijani
13086055329491599433;english
17807575821593572453;english
11805332956705628021;english
5114615895054302205;english
6539750831376881321;english
10696676486307530835;english
8141648694036678519;english
12204897068018277523;english
13699575275055907109;english
3905644433418909082;english
543159016250132313;english
10707142696373645685;english
16072861692636150054;danish
11913002351963606725;azerbaijani
4332579295277919663;azerbaijani
3649624135870592980;english
7691898604296803441;english
5807904077716990254;english
8816701584418088194;english
16037406904474554962;english
16604780559112806988;english
9848792439204402538;arabic
5736318969735865295;english
8273969636902000196;english
2187420028786381836;english
10050250096502701091;english
9823649395219637154;english
12894314657457278616;english
8051985879552174325;english
12272649321795268968;english
12807403956250875841;english
16733581446507827811;english
5521229650601997127;english
17779396073259864001;english
4090590413711206218;azerbaijani
17329267847082794762;english
12353116421736359918;english
4131658970777699342;english
16004865632006573185;english
6282362319684005728;danish
10244512858984733950;arabic
1041042647080910106;english
16129325634725850094;arabic
6194802789731403804;english
1355847206366736151;english
10084214548216836444;english
17032760158866230305;azerbaijani
17659579655191423429;english
5389158774326886000;arabic
10911698949822587536;english
11068074771985597402;english
15305621147406294463;english
8745365273514470007;english
3218407573153776634;arabic
5888413983075959985;english
868884453060086619;arabic
1009313925359284670;azerbaijani
17564692245329390408;azerbaijani
12461509638138559389;azerbaijani
6987811749670469131;english
13881666158708294902;english
5496700734356848774;english
6321073651892093498;english
10563851270479296667;english
13019857900121116564;arabic
5332568520899663060;arabic
17688825913408221283;danish
11187646074490130004;english
12897794927648720511;english
15573628205946222533;azerbaijani
8114735935629717797;english
16980680710846905952;english
15830146214314894758;english
2877493742149701202;english
11118024322285282378;azerbaijani
487139779145174998;english
2693364029032313070;azerbaijani
8742316821722984700;english
618182927703260273;azerbaijani
14249522448431894872;danish
9799751876897641373;english
10112337879310387828;azerbaijani
11523643277691296997;english
11701321560228944911;english
6352170900534960858;english
9059938219929614527;english
696239853795714114;english
1308625813125052406;azerbaijani
6973909616445712311;english
7527628446181693010;danish
12955350531531556168;english
5973488624177658939;azerbaijani
8716083664487000757;english
15963304182636054038;english
15177867112482596527;english
16078873919251047625;english
9256228002933336328;azerbaijani
7390560434462547229;romanian
11446805834784573153;english
10004581091063040212;english
17612138017623085991;azerbaijani
17462076016781093847;english
15606137158148857268;english
6844711765718706799;english
10027833015588336982;english
11434099770938935308;english
1836778733081846103;english
2810042224494575997;english
8991731469176751466;english
6803748227742838781;english
14291637159350466216;english
13273055437230039125;english
14160624223325396742;danish
1105468920432878608;english
4181164612325659146;danish
5504109562362259339;arabic
17566578351872998115;english
7533703875434918546;arabic
16026564918510350868;english
17029492838465677274;english
582838461844076711;english
9475631328475745773;english
6189267156337621919;english
2674050751257084033;english
8660088296473642765;danish
9459387508906374253;english
5045225299879279710;english
9507859868529876982;english
10106335664403887039;english
8211979169240190778;english
4117212747092392398;english
1304691163985982625;english
9262665938815372181;english
15687791771010989191;english
10830620481590086447;english
4067877100912017792;english
6652958539764071087;english
9363255049443128151;english
1821937939085780479;english
2848340238238915210;english
2374367492913627845;english
12160417301506058327;english
11030228030459007647;english
3619878103159182694;english
16018779633522950021;english
16352349486976935051;english
13840959804436218965;english
12735673535348436503;arabic
4554621205468422871;english
9738981332437076638;english
6991943538831286807;english
16363428847097219924;english
13687463821294314434;azerbaijani
12225140533065720224;english
13610769139483168449;english
6189532932734680053;english
597836152478414685;azerbaijani
14382874365233079243;english
10730889935234835827;english
6960228348990888263;english
9885109655717617897;azerbaijani
7576625470056794654;arabic
6500875041136116389;arabic
16583761060206614757;english
2658463032097960793;english
17013616620816678791;english
11596563505126387589;english
3937171745594415418;azerbaijani
11022763666285479076;azerbaijani
265651733731803665;english
378874264033280754;english
1411506486510570487;arabic
15417608357773532998;english
11806212886405103760;danish
12210798234825173863;english
16444047637140581324;english
4919956663530829245;english
8773895338777391103;azerbaijani
17103991661635916840;english
2165206149008785000;english
15969599477391719168;english
17645176450331829768;english
1570122988416583979;azerbaijani
2010066545780378073;english
12553389331609415711;english
17745096132238778832;portuguese
17468576782099668385;arabic
14116465479433977331;english
12974078558104979344;english
9922623496802138977;english
170406074219826233;arabic
9540458734614771037;english
13318113916487177757;english
1718939600479274023;danish
9340445888445710879;english
1558401946697923749;english
13077562408083327273;english
1729211449713597887;english
2566856855184999587;english
9140729012839622227;azerbaijani
4440875924135167329;azerbaijani
16927684226279407390;english
12854928621982496867;english
14186925375978057010;english
13336455423214808852;english
15700822818675400919;arabic
8128388214912548132;english
11831707908454235690;english
10778396647429018808;english
18247291251797162617;english
15639491463487010215;english
11978817664165901172;english
5610406027145538135;english
2921274935617154204;english
13192123236504445341;english
1803014535375972094;arabic
7991162838460692054;arabic
13736549238533838164;danish
4375541230541248470;english
5844461306719370669;german
471136635468631;english
14899933513264566525;azerbaijani
9000407520144164881;arabic
11602597863948055585;english
6092901852883918774;azerbaijani
17012477956864500294;english
1573141312427036460;english
8665157986661352763;azerbaijani
1587189063502300497;english
15497912274800098370;english
18210604801104098818;arabic
15420344699604101251;french
12481349024851542175;english
9630229014908517380;english
15941691546255412201;english
4217494744677379669;azerbaijani
1263330695943967577;arabic
14303629905811359064;english
2989460191400548296;azerbaijani
1641821571435407132;english
3906204380982124206;english
15556644087703826619;english
16281509963118067320;english
5293919341894805931;danish
13757274850015037094;arabic
2862545947783328622;english
5762105700290831390;arabic
11163774730605264363;english
9587517951706545159;italian
938948818811349967;english
9278587598537323988;english
18313457492062955719;azerbaijani
17389487551121596787;english
3325053906728993693;english
5160377522276212171;azerbaijani
16031475073404525358;english
15943469908559394262;english
5998971207525189590;french
3904466202241588088;azerbaijani
2223364545937502752;english
16371147421395362353;english
5105527147453609867;english
10735077139486316311;english
5732671216469589890;english
15947797564394756190;arabic
8119464126469528198;english
6987151827860704615;english
2067253805152699563;english
10397136069638502075;english
17468274681381891055;french
15003439805687757110;english
7362013875709652273;english
8824603014828035040;english
18294654737901122447;english
10438701192242581299;english
17759896543097143003;azerbaijani
7712171576136219561;english
14296457514597713993;english
7338413845777890401;english
9663357003573508744;english
14473651179233928034;english
11935825906652163569;english
8956956426050016229;english
6710553138869850728;spanish
8361700309709285874;english
14991763597717533850;english
17480387221498968396;english
2155817468946105558;english
1390109941989303740;english
6951511480201978870;english
8461387807954580608;english
11086690352877419551;azerbaijani
6570973131222294303;english
2246159088246391135;english
12196780674724662544;azerbaijani
8650110024931775299;arabic
10816816068873394278;arabic
7962022647695533841;arabic
3424485232321707844;english
165282509528584922;english
11938764145703322284;german
12072783172657205509;azerbaijani
6569024181900020332;arabic
16547425420396350368;german
16696371746813635328;english
3424797319669119870;english
16392605350868654877;english
5535578363258495440;english
9441653581703445149;english
12200407626036624111;english
12714558175535485439;italian
3473096376294169577;english
8778387816688370746;english
16772965977256014384;english
3014023879871354437;english
12504274799457737736;spanish
4911619393150518140;english
14229818520602797867;azerbaijani
12749266883845151198;english
5740028894588587789;german
9616169013063610585;english
14053983514955589486;english
4292743367701788926;english
5580402950557340938;arabic
15130541181003648802;english
10378510866797981690;english
7391128682729471632;english
3166069497987845946;english
3845991757425543012;english
12715145617313847722;english
6501470875605451909;english
13062620985521426814;english
18201371367166557030;english
2385798242732259920;english
5859650596411956935;english
12023271989273603481;english
18250774092505821995;english
18207243872553703415;english
731359966305077239;azerbaijani
9601334547427477705;english
591861704064928293;dutch
837161035430714054;arabic
1199671353115385195;english
2975923952462968544;english
18146955248296501922;english
11473560547373099064;english
14305899315295931840;english
6423346318155181699;english
4377357759148176761;azerbaijani
12981640217852481483;english
13164376798411128809;arabic
12475017515627998223;english
17601210223154623923;english
54620756188519568;english
6599746322779555009;english
15833718469845232615;english
13389195946650990828;english
3820723253913229174;english
7892571869066552166;english
756285806524014550;english
15753703819976892693;azerbaijani
8718853732221944411;english
6402581467576064789;english
13437848324207416759;azerbaijani
7750984909895072009;portuguese
5466349637549980702;french
15276286753404285955;english
663162530610623919;english
2862937604894207309;arabic
10295348366991458195;english
12180239933550681985;english
8931422493207470951;english
14242947497897885741;azerbaijani
7250392649909318486;english
6709833261198956372;english
9918814292924128146;english
8055830300584931408;azerbaijani
18129220501575581367;english
17645843509535269088;english
15597819712648699804;arabic
13682317702568377431;english
2773585102766054884;azerbaijani
15986292414651292759;danish
11949896388961161325;arabic
7529905994701996678;english
15656821757410097064;portuguese
16417557076865655424;english
4518873574273650273;norwegian
14545570170137807888;russian
15752763801687964778;english
1610781354531374564;arabic
10762581915632061750;english
16479176245494201907;english
10036387027864447626;english
9262609923062248436;danish
6589833043895213910;english
6017849347912545023;english
4189080378201305488;english
4075944787565694250;english
10920746563764948496;english
9474458984287342418;english
12108900562124733473;english
15621229668782058907;english
17602946268087496484;english
17021580412141027299;english
14923399046805434803;english
14894203980614980177;english
17359581317945066048;english
5254721080828330408;english
4303418446268265763;english
3719776325204444098;english
3680065774976629895;english
7708705674153579807;english
13396550856051081257;english
9232159902684188997;azerbaijani
11605221935851039545;english
13240249894301499139;english
2386542997083837903;english
5481075039491202035;english
18009000287235950987;english
2121837535477774253;english
2465279974931563202;azerbaijani
838432297934971834;azerbaijani
16206058386334324232;english
8426615297479929639;dutch
9402787808094311517;english
17322996262417641961;english
18180112090991031704;english
12861472944833863296;english
9598845188538904998;english
1235319778381219032;english
4451421726408395351;english
9092296856960026765;arabic
656598285602007105;english
11077219131238464101;danish
199510483532131259;english
10051249760587743061;english
12615090642218825632;english
3946589707657355727;english
15416258359488955603;english
2178128594812675923;english
5878242214104825014;azerbaijani
450311960236959792;english
4847312886061813369;english
15051349163785836389;english
4301792949998071594;english
10149374905079551001;danish
8030588450125124377;arabic
2711862448148841882;english
9339799255343055429;arabic
2187576924459943220;arabic
2228645104371302911;english
12203213674805836177;arabic
10593550080991582740;english
1723261818748867723;english
7923339033732455298;english
2967643924849072874;english
11621380524756347661;english
15063262665628365747;german
15088170421163699223;english
3872545217082729927;english
13840336689578951250;english
15931916433478173006;english
15602122310814189500;english
5270076040850778373;english
7953050222933292663;english
2898428621785285728;english
3548889231792766283;english
9983089297546650382;english
7937690428075848182;french
1918569536122262482;english
17704883313328813216;english
6355861532250179652;english
17249882696568474232;english
2302654955891020740;english
2723267712439580691;english
11385490895382452576;english
6026511437111125249;french
1742082727949585124;english
9716002296080097094;azerbaijani
17759684665831584489;english
12112854247282465569;english
10681622705017248140;english
7987506951778918746;english
3851438106034729760;english
1124352674104770212;english
10030328400762972496;english
13083450634823902648;english
18110421703619327161;english
16640542797474432741;english
8573173995537725161;english
15352899694039114559;english
3618444693981536979;english
15877460608303533064;english
2358686583560831333;english
3996840727303048862;english
16233902029142237157;french
875928872165850292;english
7871497632742091712;english
14148721357445033880;arabic
7290299034695311272;english
1095506798198021115;english
4808139824893650720;english
11369920047804854653;english
709717548169448802;english
13822437320667231086;english
4248738769148101324;azerbaijani
13665753406877450402;azerbaijani
2646663364221501807;english
13438193687685057739;english
14577770534052070813;english
13252419679049164410;english
545059443156719150;english
4064004941245850953;english
12449972360685491445;english
1359194094090481167;french
13475836483669859920;french
47422519899473625;english
10847204183880325807;english
2903229436910394232;english
14351467092924630850;english
16750279398833106838;english
17304165504230325246;english
6802203255209876150;azerbaijani
358624544115317740;english
16727982267288925945;english
18099853454040530002;german
6530839434857937088;english
14628649965273140753;english
947148803584231882;english
10847359795189962053;english
14186537126402816131;english
17215775337373342824;english
837700723879718257;arabic
14838478951854687063;english
12231248888340410950;english
16240323778541560202;azerbaijani
16514551161575598270;english
5923169824680100853;english
13644648889914467886;arabic
18042605505182311560;english
701435362122656133;english
1347700104970652115;english
14582168990286788604;english
5341121158758203943;danish
2317331957526970144;english
700503713031731603;danish
8886040053419743993;danish
12930019750896488400;french
4468001150093388614;english
4223794158642849603;english
15716653928372006119;english
5299204487755739853;english
4288745794420147146;english
5345368361879575264;english
17689512343803623894;english
12757262250145857274;english
12978433691657448343;english
8485742692730086759;english
7041013907115554241;arabic
8449377731801859222;arabic
2956989976441687494;english
6484883829613176481;english
9536964296718794405;english
5252432502073141683;arabic
17519161120982482927;english
5257958191534679300;english
7362666824681711058;english
3757112834033962993;english
270850028449447489;english
4082019080027698082;arabic
14294515681857605493;arabic
9008319353137282744;english
16277480386141588619;azerbaijani
14141956605174985414;english
8224445448632067517;english
7126084945552590891;azerbaijani
618660834247025961;arabic
10429473318995361632;english
8059406490584635483;english
2945098726428889104;arabic
1652796950128436324;azerbaijani
2024546870796359493;arabic
787889553241409667;arabic
17826177150368561003;english
16730560765866241195;english
16948861594100801666;english
15994344389776060376;english
15258856695378982271;english
4264183391875911178;danish
5197707252944002011;azerbaijani
12467438561683525162;english
12452712359125479128;danish
14000883379690968470;english
1880961048363128641;english
6290867538042841027;english
5257597033523586099;arabic
6764577187037131133;english
17488764572639843778;english
3903176227148001225;english
6589128929403650101;english
8788686963791587793;english
4208139393104170551;azerbaijani
5741847356277226806;arabic
10347074777591002217;english
15522033502878432871;english
3307935644994042372;english
337772378705712040;french
18026934001912763181;english
60626208705152208;english
11642139390946682191;english
12912182299323468216;english
6534180063530195703;english
7657116076382775372;azerbaijani
16804266474781061649;arabic
16735648107192989881;english
10325306190640711086;english
9915864504843999019;english
13870471715723125756;danish
15785893376304067801;english
9942070998695934488;english
7111034995856803263;danish
18131345981749508604;english
18207748160733939036;english
16312666856158092276;arabic
15823812209834182704;english
17294214532493118287;arabic
17947810412013511070;english
1075671309072545928;english
15869075538778412620;english
4671941469560662876;english
17719260130079068250;english
4113439645280086633;arabic
2553998061775939935;english
12294460936306694359;arabic
17722430038738891524;azerbaijani
11381321044368951920;english
17111515712611385597;english
6758570902333506224;english
18214398735537719548;english
9420379642997558201;english
14803620496510377378;english
14177424738084601157;azerbaijani
16350743252284446453;azerbaijani
17272137530734090363;english
12657921568475417773;english
1294727575249694238;english
11968742978802452080;azerbaijani
1454178617134178048;arabic
15141323488264222550;english
13458827795672496605;azerbaijani
15763025244353738751;english
10054559863266678194;english
10617890856311295510;german
7528346445997069915;english
4640818686087373619;english
17250444252954448087;english
6093574008223971822;english
16136427477307853901;english
7519035927272341695;arabic
2045332143853059555;english
9958567496534257270;azerbaijani
86735185427176055;english
6327649612094348491;english
10664113451752044640;english
7788375314143897237;english
1229046562547121756;azerbaijani
961800714565460750;danish
2792650768940623169;azerbaijani
4619524576073930074;english
15067280239586488627;arabic
10111152174833411889;english
12367198875032366325;azerbaijani
8167594287116419683;english
7920865765688906419;azerbaijani
15043395833584155619;english
2567531815188173311;english
10811681532963697400;english
3026294635743024411;english
17863752631628960955;arabic
15915433161636552580;spanish
7615625531567860941;english
18080188996600207778;danish
12329849021878241801;english
8097528736064011515;arabic
17850387056153958388;english
7114214210271042273;english
9276039799722973388;english
4079739418509868279;english
17709192453902149730;english
17547392098792985409;azerbaijani
16758148222946757316;arabic
36134714525968578;english
40081476755070779;arabic
14393501664559931093;english
11424026010020727735;azerbaijani
6376268625037424779;english
6328387988554786222;english
786004571840052553;english
9406583501843510626;danish
12308321967609828374;azerbaijani
5649403008212040293;english
4446791397843819134;english
4136603038142125553;azerbaijani
12444434998426059858;english
12525766357167736814;english
10394646445431056360;english
16459499338183616163;english
14239424808506246154;danish
11747156868244145538;english
16920112625647866103;azerbaijani
7083868300497840697;azerbaijani
8436630285978062598;english
8482209355964952913;english
16038462530918623731;english
5463549562794881847;english
1317060971846363874;arabic
394431662952862304;english
13917111749943601265;french
5881764533395031495;english
2081769615610979092;english
15730749150347922264;azerbaijani
8095881502848577252;english
4075999296845665170;arabic
948004527964301757;english
15746980151598346650;arabic
5646340713797591338;english
12127662700884037233;english
3626435887700838730;arabic
7723185248284722457;english
9878468284223088465;azerbaijani
4437361132355714590;english
6481814920257110974;arabic
133670102600464995;azerbaijani
9939110101134381317;azerbaijani
1682108271843018353;arabic
14795353188037164854;english
614764389239070786;english
4915402943572973980;english
15694250566415455325;english
1348822789968632138;english
17286743260598881802;azerbaijani
2431335208801517314;english
7808606711319412885;english
17275974307513195713;azerbaijani
14622414500410625965;arabic
1919713887031148348;english
18110173522794957446;arabic
3786585893663951124;azerbaijani
2512551414729851208;english
8945813213981406151;english
18379549286176665691;french
13966975176508787292;arabic
5115858208646960657;english
9763620547391443537;english
10782505580150201242;english
323195502325037384;english
5796969201788469971;english
3730618008646409253;english
1689803258574816876;english
14081616251857096566;english
3832725750050025765;english
16400532389620535051;english
1425313002535077776;arabic
11638727537880939431;arabic
9632768602685247098;english
4931325383046879172;french
11773759264761836646;english
11712374160080261445;english
2743799588128371176;english
391499857440279631;english
13686657249020703049;english
12815441466138933912;english
7203096228602442469;french
8282824840968036287;english
13493131579124439430;english
17844004441696852585;arabic
12130120854081337531;english
10947551025321230166;french
3277176272436783654;english
15211712014863655978;english
9710489913240580598;english
12757134860059462901;arabic
6031402008717673665;english
8739372985562418518;english
17294811483827804167;english
8883591594115442947;arabic
11557727668092895827;english
16234649691852563657;azerbaijani
17042829465601254772;french
2855674735487396855;english
2502602856260734059;english
220249185454632886;azerbaijani
15062677639070989981;english
8303816614482340153;azerbaijani
13986425129286426063;english
1148412910834934472;arabic
8774367089982111614;spanish
1329331885430144107;azerbaijani
7477365224597891861;english
18095648877630719708;english
13233791463605083577;arabic
13118622673385245279;english
5318847538034928747;english
11580134470407540246;english
9228542290695110664;english
15814056831323200746;english
1827099892917210989;english
8901555594627925404;english
7699780809380772936;english
394774340023717158;arabic
3687567255937195260;arabic
15899683180016214271;english
9251099196204564490;english
10041596375597625577;danish
18289991352608490708;arabic
442076178462994010;english
15276991761242012611;arabic
16250182208856665246;arabic
5065482052347619168;azerbaijani
7926512533725275493;english
16654049964884501806;arabic
17129706767641547769;azerbaijani
7879551417800936088;english
16944281607841670364;english
3569517848906467091;danish
12137557506145930572;english
4028928506587413325;english
16541478509969913781;english
3320511593702438115;english
2870295755884194145;arabic
7412213973709335520;english
5977273614253554136;english
12763079645402696699;english
14248649287607884567;english
10792340490625476448;azerbaijani
8768949864896145421;english
815540251482621871;arabic
15902074622331099953;english
12276651843780914945;romanian
4060388296357237763;english
282700196788066764;arabic
13084036475559989803;english
9398038709832076140;azerbaijani
14508421165294266237;english
7018039772772780600;english
17738956377753902198;azerbaijani
3163473570875707379;arabic
8304477738521839457;english
17757530251877970212;arabic
7774205694444465728;english
16890412199252375374;azerbaijani
6368135061360831815;english
4998985209171785458;english
17252479177599709759;arabic
4723318765313141180;english
5851710702910140044;danish
3681755236929411697;english
11395335451184873364;english
5664814418512818366;english
2833171572997282379;romanian
7941142956667028422;arabic
16542904396042082972;english
1681826432602590856;english
3853893119985386545;arabic
65399428485986076;azerbaijani
4595398735352717487;arabic
12833163100318271580;english
12572072794397924120;arabic
10829151401689441395;arabic
3100890804007078305;french
16409801063634645368;english
10120155568351882438;english
7874055973056275600;english
5934766404799776201;azerbaijani
4171794495039480301;english
18336095389251003801;french
7618975040735544219;english
2937161285614961733;azerbaijani
13155651358113579541;arabic
15141563200318713454;azerbaijani
16713167074661844013;english
1825230031166167946;azerbaijani
4687884718927341046;arabic
4851442055171944522;azerbaijani
17425154187066678519;english
15670154855453119825;english
13019960476400997819;azerbaijani
1450585578155694230;azerbaijani
17081693958993762744;english
968403375004496121;english
12759740709847619263;english
16050062657224438307;english
8762117809483999727;english
17839263616174749582;english
7180195030451628390;english
9176231361280912496;english
13695912937885239808;arabic
8941411050252927187;azerbaijani
280292444107168777;english
4495707940019707584;english
16912572665160298903;arabic
12678501467396252824;arabic
12212100601110056294;german
5742998989883282686;english
6747532787491749919;english
5453707841809200500;azerbaijani
7966209428273289345;english
11961600458294127392;arabic
3996088067663982546;arabic
9597778950881582302;english
15150794454726317908;arabic
14890556465612958473;english
5788261481591951424;english
3901438494679024316;english
16554653602097578002;english
1180071595870536832;danish
15685064724035166296;danish
14700098437062892655;english
2572704273564210147;english
16490577536236206599;english
11406872168567819183;danish
16737720267146862983;english
1539918260591507698;danish
683157727856285074;english
14142689136857282719;azerbaijani
7312969059918121801;english
15573424331799267896;english
8099767051635064966;english
14032829737753845524;english
4487847622385982627;danish
14959705134890990864;english
9397783947826072636;english
6634825438746393467;english
18374079685873096680;english
8143606859902792325;english
8610426671761009698;english
8016410022511102623;english
17570954709508910627;danish
10099934810541874828;english
5047044280602725672;english
17189620973683220225;english
9058477181939566092;english
9107957599618801897;english
10461047487393449802;azerbaijani
14518547819001476462;azerbaijani
10810051574046266295;english
7883905519178008288;english
5270987150822965890;arabic
1701088579322132471;english
705191254829527687;arabic
3195908919068388967;english
13927275536866404575;english
17821184892073298174;arabic
17753829588935817677;arabic
3801595155791555754;azerbaijani
16153260029849654139;arabic
14309073170003544648;azerbaijani
10102088988084595814;arabic
14117674541554821444;english
1204914120018731901;azerbaijani
12739512254501612712;arabic
477746898712406022;arabic
9040809606693404251;english
17635029981501653662;english
11345950291020250456;english
12943217438312857739;azerbaijani
5208701339080818609;english
7582162177260746649;azerbaijani
9375173603952551587;english
2016118978914514940;english
6922345631520232882;arabic
18359213462417600117;azerbaijani
7373073524383379938;arabic
4299345273513306352;english
17974073709094155186;english
12144811344625275457;english
11573722127684007209;arabic
13518605974461055366;azerbaijani
8070346177028339590;arabic
9713260855686399242;azerbaijani
8207968318791650795;arabic
16094678579705718622;arabic
466001455448782305;azerbaijani
4561879397897259687;arabic
7822919806697972460;azerbaijani
14279224083548021841;french
14938693682617014858;azerbaijani
16741397266919638598;english
15568314190505304861;english
2097192096020912567;english
16793527619870330340;english
171732870108444744;english
2594867490131623830;english
13449807215603108405;english
4005404945777808858;english
544972263191146234;english
17188717680823607983;english
1420644803259475571;azerbaijani
7652950218554799123;danish
4068231649528310240;english
13287484980929000326;english
16352945568389158832;english
5165621377430496410;english
2318807470866601425;english
11607440335298988352;arabic
16016144134333731294;english
17097742508427251017;english
17930681136013574050;arabic
92143622200909814;english
10464279310008758715;azerbaijani
16883504886429947736;english
854754497746340062;english
3810238530963983199;english
14857530544376560855;azerbaijani
12957362421369740900;german
10687757830019199775;azerbaijani
14446478115769142823;english
6757708241007681755;danish
15231803773687941693;arabic
17158767035120445085;english
17247470469636508468;english
7790028561875366909;azerbaijani
2449363043741475949;english
16329243100980135558;arabic
13585547941075257278;english
11006852953916293751;english
5021349567264536271;english
16503304315015584561;danish
11363104401092888126;azerbaijani
7095330118468443137;english
1775720169200389339;danish
480680109093112233;english
1929848011180133128;azerbaijani
15570856751301994050;english
11036675442173338267;english
5325718627269734433;english
9236808777929719988;danish
12480011120560339893;english
79870630598996239;english
16378887329169248175;english
6102492302559627331;azerbaijani
5542292645791281849;english
5471772020814151421;danish
6240430789006962912;english
13605643055906456894;english
2350340502433287039;arabic
10929436369483891757;danish
16471154649155133402;arabic
15698828772650248588;english
18163546429072232862;english
4767216707418295939;english
10923434024909401375;arabic
17863264066060567936;english
12063398839236639504;danish
7232172092757635917;english
10398093073461362647;english
941769661452103265;english
7839259043075859360;azerbaijani
7990851767607835246;arabic
7139317760337443376;arabic
6562967544689468601;arabic
10989057081598113843;azerbaijani
14043929903946855668;english
1531641948375935522;english
16381438621532356132;english
820832153444007349;english
15234297734890716962;arabic
5067184425310323804;english
14343702558209362139;azerbaijani
2709117125784798771;english
1374586046728826583;arabic
11365486062932331420;azerbaijani
12990568485270487248;english
11261053619586448473;french
8202765173371751042;danish
9936489251170642734;english
1544588059545591713;english
2579835361715226202;english
2418631698323901349;english
9889426927981266990;danish
6133608518705762626;russian
2771111429538239266;azerbaijani
10350186333565251870;romanian
13595945864367703435;english
17804320774935286102;arabic
795659955597827398;azerbaijani
17728454852839252174;arabic
8586853416347548332;english
11738818559988426511;arabic
2838112177035529592;english
3713387569219414774;french
13315803857124207911;arabic
14037724914500711346;english
3208252807241617112;danish
14925416547564663615;english
15689054918817237225;english
7984494269799621743;english
5313971317245391274;english
17558716242600468589;english
17235939952444230798;danish
10558418125577750844;azerbaijani
15761547049208620342;danish
17199868528527286303;english
1086926694662529049;arabic
15060761476972594970;arabic
17233350141562072691;arabic
11021261401811333649;english
11738910479718275257;english
15621026367512081193;arabic
3325603862540007423;english
1992383772430651940;arabic
11975045843611263676;azerbaijani
9195952351275056285;english
10035496591705722853;english
13695416366009842983;english
11947602639402068023;english
3916242011605183597;azerbaijani
4463727190445791932;azerbaijani
10457758087257603096;english
13698565376641023024;danish
9218443314830392618;english
14394863099514280159;english
11990975024175273808;english
13052907623280816203;arabic
15188507733843226718;azerbaijani
9744687311393462066;romanian
4353954454625866768;azerbaijani
14737749350846187457;spanish
8906516430364133290;english
12863998947344915283;azerbaijani
10188503645970684741;english
3259316193487026159;english
8962525230268886305;english
15317573590692253519;english
3547048160741156651;french
7765650746974965590;arabic
11673605534225713225;italian
11711233815910875398;english
4964775982370232275;arabic
14082021445953726107;english
9155326475219199484;azerbaijani
16937898884845568205;arabic
1872598680833324849;english
245769335806330869;english
10607265518752841597;azerbaijani
588368757427220359;english
2456600905949825810;english
15158212540133577871;german
5931423576643636248;english
16940921167416929543;english
17532320835361118415;english
11836949363636260502;english
8146424287511382893;azerbaijani
5188673859680076732;azerbaijani
4094816050313964161;english
2539688835843938678;english
4167960096953090995;arabic
17861075526421300287;english
1462986415839290408;english
16572659375137218523;english
8882868049260142926;english
4680070808593296300;english
14170902806198032244;english
17386529325079630781;english
10872137907920781093;english
12812762658447509289;english
12127563243117823688;english
9475480400272863988;english
18397703792075097194;english
4898712476304592476;italian
14600063918290382162;arabic
9993351461206241794;english
1461519437689376880;english
16444963441446645752;english
4240079601310017758;english
14721528853432991319;danish
9751948160360240078;english
11485294151200059668;english
10018430711489960816;english
1459613375254098721;italian
11173139492150950033;english
17873369452651285848;english
4641509632172762210;azerbaijani
3571476219354184695;english
17922280233524975737;english
9159322652196725805;english
4784068016734943893;english
18246335731953568598;english
1140822339448753367;french
7385453225135284767;english
3754776294094742222;english
6677176758841911027;azerbaijani
1096019574598763937;english
4754920481942616683;english
11970265784753924364;english
5018978190439000413;arabic
7330642498405247839;english
6999176329961015106;azerbaijani
5089943456300045550;english
13079169891532192583;english
5564081611185822608;english
423441711472361781;english
7430771306194324928;english
17670948201625879568;english
12637423660548114697;english
6401003673805746251;english
6896397008104037747;english
17168333325770285621;english
11227449148553569917;english
76368885605964675;english
2401989319300910228;english
9484981737084430077;english
748814972716794294;english
3453754360525546527;english
3982509779385275962;arabic
2921108668850927378;dutch
8334101184400933161;english
1981007531192690396;arabic
17168411893394313943;english
9881125964809422096;english
9517041945868191040;english
5663183187895570309;english
5703727407026953604;english
12669457798646435366;english
3388144481033518303;arabic
2409717470415994567;english
10049049235236565961;english
1442866194528483089;english
18085063483225224270;english
4780440867498596867;english
9360910157199110395;english
10425590932449401945;german
13101618907534792695;english
7499798400070719282;azerbaijani
7286858459056631166;german
8769792022077214402;english
1159414260268218361;english
6120891604840652640;english
6162357216002014644;english
18205013047969736943;english
12120218284113249991;english
2296898620497606433;english
18333727775333096831;english
15702108699772361016;english
12896136312529738936;english
14327954559144655309;german
3573567518650083323;english
6232116220341408745;english
10853630969416667895;english
11052313060367545622;english
5947873510838152889;english
2486871681394079562;english
8146610930986813750;azerbaijani
8382289331824591761;arabic
14824567856106748611;english
11204470208704954419;azerbaijani
9415621161198943614;english
16591105624203755191;english
2736838787055141499;english
9182035222273694177;english
16056672530075729249;english
13613367490983638007;english
506132694312259218;english
2914593136703251730;english
5746533585547632488;english
1558712004078843726;english
8697886744517194042;english
9933959369061545457;english
4602680124696303526;english
8212939247521564760;english
16487294387780902348;english
11700867863792097608;english
14845385758274390178;english
539453355346464467;english
12474508135027981863;english
2578754437992085512;english
13109395422582319664;english
17911022278027376166;english
10525021992934411494;english
5859066739088174599;english
11387645714629888548;english
1227882834209855777;azerbaijani
7387468431661454042;english
9838154139455562325;english
17680170838247692181;english
14679552941687975223;english
15504564881666018060;english
17536830317446235847;arabic
17973789405611574129;arabic
9733066907155564162;english
15587038974140095340;english
16245997211259338271;spanish
909604084368041292;english
2826200466657142379;english
476315764530332165;english
11635336011878077248;english
11281850797897387994;french
15580094369536322205;english
4916576861450122801;english
7245987541369805723;english
9849418196753683814;english
13674268864190549575;english
5931610234013786430;english
15112529580667905360;english
10391690534056630280;arabic
3787622906960923703;english
10990925788843468907;english
1522170908987152895;danish
3781812188291128262;english
11533971794910149373;english
6653633956162770488;english
1395345879880749055;english
15873343601007202082;english
2434749298559479312;english
8710225714646219414;azerbaijani
12977503471473485802;english
11868766882891016543;english
15184008986230757975;english
17833680531324639260;english
745384586814903594;english
12109592504267000275;english
9831077851683003859;english
8495293797613196600;english
6532363959950464954;english
2011281184011282389;italian
12999879097811168550;arabic
5934803807423304008;english
12849700856262960015;arabic
14023003416922201668;english
3736984411360933399;english
2881702557975124013;english
787395627635709587;english
15504013107877565670;english
7402481355707632752;english
4998835648849475251;arabic
14289523402928354700;english
13199225716625745827;english
17376259878385814625;english
14575538379783541543;english
11509174677249109754;english
2379091523754018089;arabic
8742535679051890903;english
5333773480138123379;english
3712837057582194482;english
13299961025813676138;english
10814732135361630657;danish
17794691159290046870;russian
6810163820891751152;english
14323476502314615867;english
8245686759541901695;norwegian
691393106319229202;english
1928982806025950611;azerbaijani
2543330609119521193;english
2163461447787680737;english
7911921045289759578;english
12623489071124067117;english
11680368858947741897;danish
9551275507935248234;arabic
6105320386151288049;danish
2882484125541194298;english
3301513130660241259;english
2649495275764581458;english
12035533098724781588;english
9266525547942191695;dutch
3787077412137646720;english
6898012213307975048;azerbaijani
3008144315251815483;english
5869687253393002049;english
5390701441381768827;arabic
11277659266414668365;azerbaijani
2978526008858269565;swedish
2697757200124837842;english
18144858730436945544;english
11124398565562166871;norwegian
7460264478975023440;english
2578828415110948690;english
15388126252641276350;english
9623325975636449965;azerbaijani
10943560676490000280;english
692673736643804167;azerbaijani
4802697638854647432;azerbaijani
13016393359188771178;spanish
14179492707616700950;english
11655689909934401223;english
5127886749914704246;english
5438035251742327551;arabic
17549027950711356126;english
16751123490722170724;english
3189674584414784816;azerbaijani
9665832071852322313;english
7721693576038985980;english
3849699485087495927;azerbaijani
8025221694856062328;english
15713715073126405559;english
1513636890026254657;spanish
16279451372518617133;english
7860152313801669109;english
7918148822001366972;english
4677624929362351893;english
10652978279818670552;english
7387633229570942208;english
899495870618241730;english
7265623172753690476;english
7094056243619311618;azerbaijani
4814475937082322957;english
10630846107768135993;danish
15392162836023534994;english
16333569806113816021;english
16179703175738769581;english
4254505761093128795;english
9666939845399163965;english
17166458785665317560;english
3004518686733243072;german
3018565272649753882;english
1038102681790803384;english
7689715067105707426;english
2511516063814727508;english
9482439164368394151;english
2093725875296901988;english
8152069158133937021;azerbaijani
12198229631562920304;arabic
10981731925336221397;english
4369929272666091304;romanian
12546954197942371049;english
15387675756335794773;english
1569838460615456870;english
13537906692724092251;english
12980024657210165010;danish
915993865535148543;english
8722926426612349587;swedish
18443741626320783170;english
10957284892617675894;english
10360647552022861166;azerbaijani
2758935010967389856;english
11700598017517777308;english
16535094545767004306;english
7758625308172717537;arabic
5851420678443348165;english
2042793856594587365;azerbaijani
11686159261236958252;english
8209459356789912872;spanish
4995841673211992622;english
12160434108007419762;english
3380731286244372973;english
14652713531467060363;english
14712199659636755816;arabic
12629043781335928066;english
4652193265877340912;english
456114707814226139;english
9753448279504121031;english
2190740111317341567;english
14537998137823849769;portuguese
10565870765696896726;english
17605088343023154496;english
9103879536837038092;french
10762086821899832016;english
6936628091347348796;arabic
3935962163068841040;english
14371002698830278381;english
5889841143730458159;azerbaijani
17073898127142355597;english
3383824603857038819;english
13942904000997065019;english
2091682129333533801;arabic
1165452761286251159;english
9898007221600726061;english
714093584833291242;english
2261679730325407960;english
3804885798868608620;english
6071915903699449256;english
3789237310402035982;english
17245849536732026512;english
2202261547547655730;azerbaijani
1689455301317164132;english
14511441216546354633;english
2837999727064203944;english
8509973692011300839;english
17987539713836025956;english
10932012548576322975;english
2690880264736245461;english
12822853601520775535;french
499447460778864033;english
17366310264184093057;english
4558137570001354880;english
3230415082375434806;english
9893465562747072146;english
261310148108256673;english
6122974187548523735;english
12762149553103870892;arabic
3490165270327471278;english
10270826863438370887;arabic
1871830163181619267;azerbaijani
13678179013284097839;english
16244286640200516886;english
6832707090216341517;arabic
10987099867375750100;english
5165206345642626181;english
6468276857747077834;arabic
9741102236219622516;english
14459125109846626223;german
11413884951128168949;english
16987629126401210524;english
1343611837425312231;english
11647070994513019724;english
843303878419789009;english
6834997690173645528;english
6143859520121855437;english
14130317121154236277;english
12735034592383594295;english
16387935311161449762;english
13901393556550325850;english
9702579810980159474;english
917652083714018333;english
13795029403005826474;azerbaijani
13490481468641921840;english
17592733785761880615;english
17638258788783678190;english
15776683003401550532;english
11988465035320320745;english
13056638797748116724;english
4040122836629314898;english
9168062769146840675;english
4513450786779642435;romanian
13652491927953617986;english
710656495621119851;english
10251400418239780361;english
901600637711778137;danish
6687356458799238959;english
9545489871177153648;english
16318230289915209159;german
3518123831168179864;english
9500305628841339272;english
1683254752195939804;english
9955804905617547368;english
4568745071189159209;azerbaijani
4083555535863182979;english
5034596443416444562;english
9803390289492034726;english
13423599991847915627;english
13274299846473480129;english
6725199043905100794;english
4936978594641610640;french
17327813004713278072;english
1321593702548588206;english
6006175522781324015;english
7025887682515740213;english
17747234460770889285;english
16777377624265734222;english
4689727687025938885;english
5030939370874460964;arabic
10980675359072382034;english
9721784614884406179;english
11958697015793491067;english
17147267813313824214;english
5697927293329615977;english
10665225744109575004;english
11441618826218130567;english
899297355629937225;english
11134060082420900084;english
13925119925597342162;arabic
14995165902701693435;english
7884040911622811389;azerbaijani
7021392959349934050;english
7860088218854993861;english
5291002712388958225;english
6166200886287738973;english
16173896121752041230;english
10067152708053016636;azerbaijani
855310781602040286;arabic
702074841072665330;english
14623776392479909252;english
4694772640668584229;english
14023573518093379971;danish
4187064409255919930;english
1805102509879712912;english
7977111365768771994;english
4672188959913887156;english
9602513515974427435;english
8651768868690003155;english
8131342168987670661;danish
16025948784206820637;azerbaijani
9146389899177543638;english
9462465517874458074;english
949993132963275991;english
14004651994336862589;danish
2429225258250871944;english
5363126543166307201;english
16543150265380783093;english
12565478768131091959;english
1223255712299163366;english
12401814590575850120;english
17361258190358990503;english
11296592831081838884;english
4603843595467946770;danish
2752113605725802673;azerbaijani
17139561240509878425;azerbaijani
14646508838299971745;azerbaijani
10082271410190398723;english
13858568733979227838;english
17558788785398465063;english
6049243440606992208;english
17486336082360682655;english
6922370894310789995;azerbaijani
7958104624213752649;english
535040099637924117;english
6016970152218542205;english
14759424689883628734;danish
17887335597810236197;romanian
16130503291469611810;english
1526652776535663371;english
329926809775835284;english
12951533795269055052;english
1077244901616444605;english
15680269732703962440;arabic
12577802833789789237;english
8523402969391071654;english
1001078039371438511;english
6561479056537404688;english
9754337169385628542;english
6541537193985593073;arabic
10149255024976179473;english
14794411863129820266;azerbaijani
11931461155730978020;english
2140407145529344059;english
3153949499485977513;english
6305700158985038853;english
13122603807759984474;english
10408784472930118445;english
1037748816198431703;english
16056446672181497169;english
16890019256393422556;english
6245841030170561359;arabic
18365385602194274868;english
11351346080286899537;english
4994178839973648586;english
8034666986267919989;english
2697558671606996765;english
6935046081809972053;english
16494703296837317782;english
7706278678554330133;english
15754566266842188357;english
5824100958073667395;english
13486279378650341247;english
4535391616674099965;english
456314307586246567;english
2208278608908521962;english
653312869329468763;english
16933566795197581463;english
13426614625644185901;azerbaijani
4106625331304068990;english
1224453274400190539;danish
4042656557320216520;english
17651777971466654633;arabic
18117974394774264668;arabic
2354610063569903093;english
1065253895291924759;azerbaijani
6723346509881738251;english
11756868361544537990;arabic
12049204803563513150;english
9097054753007132448;danish
7311211176197360032;arabic
4880944676565299130;english
4711466512867765446;english
9282138120720949826;danish
11571035936257931056;english
18009070081519750292;english
13279268628113734095;arabic
12019739383947837104;english
13396579048263023373;english
12596608098868033890;arabic
1416394048648279519;english
6296603507740998445;english
5730452065493079561;english
4577532676266482206;english
7251437588731951403;arabic
2634476501096602367;english
17153419517526912160;english
18300817841544002096;english
1340221227637896244;azerbaijani
1749131965473273356;english
17086687233020421004;english
173058770362689159;azerbaijani
5880306076729322712;azerbaijani
13287967349822912448;azerbaijani
2763958354620350675;arabic
1306206790818921131;danish
17124195057632838839;english
8728263641968717367;english
16214023621962052513;arabic
16263033958292721749;english
7901799126602787014;english
8349140992318719214;arabic
11832552484097903158;arabic
17145682368099209678;english
88559269281899769;arabic
2383728637620396097;english
496530252251811755;english
249076813392198769;arabic
18056288181628873978;danish
5206031757031225518;english
791977597434265171;english
12249003416633102946;english
468483839815671854;azerbaijani
14392777392236004135;english
1384605798340984575;english
14645964148661512148;english
5664073712273902872;english
2514505729025268252;arabic
8589475543768568793;azerbaijani
2944789018937869197;english
6282200711887738534;azerbaijani
7376348131962894578;english
13750848292008263848;english
2709107969322045373;english
729262538524815937;english
14174200104518399409;italian
7235002543365771234;english
7326956160262614636;english
4656515947392030225;english
10693974851125717334;english
17819284664248108682;english
12568054656742159302;english
13672782782940558821;english
692984706722670891;english
10197494492275362432;english
13787804474189264831;english
6039971489946855760;english
15425482045167163220;english
9155518679495249176;english
2210964037507314403;azerbaijani
3352965178048716511;english
390456319434788916;azerbaijani
4990702082975201013;english
7699885920906587409;english
7606116767344059862;azerbaijani
5725884847013259216;english
13127224747249909516;english
5322674046206360307;english
4410950278232486535;english
9043254560042658087;english
18238920039672666357;english
18232470589503085398;english
14609174982021622165;english
1751771725600959490;english
8200489751153838039;english
2633143056960417394;english
11434730367483980499;azerbaijani
3630736291125952116;azerbaijani
12175920677888287852;english
1896509525244148737;english
9076430636986973895;english
5112876773674310194;english
15379902878609612945;arabic
2922977757892636774;arabic
1856894493901211456;english
2405281829296416081;english
14344796914591273465;arabic
13372977857726992601;english
8840342317718498548;english
14883215537208670363;english
9964248773619013367;azerbaijani
3740454068214053044;english
14211925912672181661;english
13948373325002899556;english
7728652556979967834;english
4590128880418070011;english
16909741231019790658;english
18028593034635499856;english
11657403016396029490;english
14076529362753572129;english
8450080135731383917;english
4883481817773712930;english
17276045486628214676;english
767086809925447378;english
17292624319252082216;azerbaijani
2737016020154259428;english
9985015674310758693;english
15670615888537710265;italian
4764677313674669568;english
6432961297739495880;english
3518511120838723795;danish
9240596610731357796;english
895533561676861705;english
2519752228752927918;english
5874745386379507371;english
14471374921701917271;english
18378091913168534094;danish
4601075046060781891;dutch
2023553953799981485;english
3560810394219436153;english
7200685895434472712;english
5409619733969587875;english
6867338615692211795;english
1508531618258237195;arabic
10002047951139701411;english
2568810238604795523;english
18330841754171965627;english
5065387103143668896;english
2798517999790871870;english
745124994595773658;portuguese
15127823125698169259;english
9443415342390810001;french
11162862718151218236;english
2978421296847893847;azerbaijani
15747391146460967685;arabic
11594729945988649506;english
1900401248973108355;english
1527471795597269691;azerbaijani
15529062511553929860;french
5506802869901287733;english
5880072371939304738;english
9003580548374263723;english
1353033149890546912;english
7408391816853782004;english
5842109352690856350;english
3151589691557428968;danish
16523027524890321129;italian
14642429638104313523;english
8865456347596483226;arabic
14371614247028827975;azerbaijani
14031430865717622595;arabic
6777307654956931797;english
14142607991427908993;arabic
3715615800083217005;english
4446099234264543835;english
4062123547508431757;english
7453940364220102511;english
5080485947123811828;english
17196464241578834922;azerbaijani
4018895837913874169;english
4534192087522286579;english
6888238576529810583;english
16219046961204956079;english
7777497601689050345;english
11426798802384056706;english
11228415295450031821;english
15524321218478611060;english
1260424264680404874;english
2119386111468673859;english
7278686632460333354;english
8039839384889956874;english
17479525812257968987;english
17019995482686471880;english
10597296478275680082;english
1427379182198781483;romanian
9317259471292119447;english
3787537872016820793;english
11010036156545359250;english
13940658282867925601;english
14504103592657951672;english
17255321089202833232;english
9299535133961645220;english
2497843375311532586;english
9725868408499758257;english
6575786254483896922;english
9262253927876112064;azerbaijani
3659692223220557544;english
1564863363829784355;english
212840774023975529;english
6874613375734776644;english
17022612951654453457;french
11318723708600738212;english
337442039520773282;french
3291778294179642000;french
14691139690260147639;french
8924619173718530416;arabic
16342878351599129286;english
11166872419002802218;english
4936507827356277600;french
2668091612306854406;french
10053171688207185534;english
6789519552782820328;azerbaijani
3138499685842208678;azerbaijani
8095504248550711631;italian
8271494907140722354;english
11924213187140271586;english
4764614296547087500;english
3451361684354036193;indonesian
8522650899427283331;english
163391511017984797;english
14847002204001096342;english
4821502076888403538;english
12507083156237624679;english
12233326234241430648;azerbaijani
13659914005507903721;english
10209098862703076492;english
6608652993453958446;english
17616977900722926516;english
1961516598833968645;danish
12302869032497204479;english
934786118547324655;english
12884264316275854014;azerbaijani
10711407662506544133;english
11558031207151113509;english
11978130701086290184;danish
12484191876783038791;english
1526218986443603164;portuguese
11677142716502434921;english
15165690386016103630;azerbaijani
12955273175884842157;english
5015701192129498933;english
15172678142219914161;english
7605106518623733999;arabic
8797592317554710747;english
4863081585249788416;english
11654605790004553031;english
10382420622495578121;french
6525883085956744106;english
2529205214926808566;english
7636055593612848115;english
14452889726724543717;english
2823429927970045014;french
11888250711710212336;english
17115110015558147875;english
10223931468354314766;azerbaijani
8465515028750609663;english
9498639037269665041;english
16081211386308378305;english
16499017597242821825;english
8683907356352224074;arabic
12163293497995254072;arabic
3024709515024698661;english
16953626235602109509;english
5072498520969123064;azerbaijani
7953013443599451696;arabic
10037596359548706284;english
9361217084053316289;portuguese
2286947053918941386;english
12774114130166473186;english
5590987335431527264;english
15609747069098613141;azerbaijani
7103720431892188146;azerbaijani
4843238137603270926;english
17561070482803671010;italian
10480637468651190073;english
10049027074298539566;english
12570533577727153768;english
15250206553180003503;azerbaijani
11928905739393850681;azerbaijani
17998125470945643306;english
6258171693997593687;azerbaijani
13148521037322598056;english
16007167491556680259;english
11329336453107159004;danish
9073558900139283191;english
6315597214572341601;arabic
15423177317663272368;english
893363693640124119;english
14794566399310076645;azerbaijani
1145025041870707173;dutch
9241095297885715779;azerbaijani
15279501414524147921;spanish
11804583566939501259;english
9738998068908045214;english
17028002191247954804;english
10063354161797298134;english
9475932750067349033;english
3166110127153600772;spanish
5491655567382830716;english
4374382092655710387;english
3650430723739083310;english
13574079254563058292;italian
5501137719562424087;english
11569818200406453494;arabic
11459947717571848579;english
13881444901580641508;azerbaijani
15713208203996799914;dutch
6063233867268895141;english
5856992202310893709;english
6195513673135594856;english
6784039885488589485;english
11553181733387271679;arabic
15174569821108537487;english
2489429723261642934;arabic
5376652952877066829;english
5103462204309760974;english
11200289647024310761;english
9963644515348597670;english
1104849517811546803;english
9851623660064510823;azerbaijani
3835260874333213639;french
5773048834808900375;english
1646715864221161802;arabic
17925266603856394484;greek
2765907686933992521;english
10773519828048901177;english
11847702399693217315;french
12271213531878717834;english
8657708831496149741;arabic
11825046161768277416;azerbaijani
5584901828424684938;english
2005131931122830134;arabic
13719108113768663767;azerbaijani
7774658417132586875;indonesian
10078298850924605114;english
6432852116923721554;english
12319656594235031992;english
17491536415789859588;english
12276966490221910105;danish
6952176621331253171;english
17444502273689920144;english
18290982605273012340;english
3069322506779749691;english
1541243373422368454;english
5910841148647222687;english
17828356792639749628;french
14119192263352592580;french
6440591872853350561;danish
13670136210327397016;english
15957815718598600213;english
13579329321324918279;hungarian
9884327740361128086;english
7767747523698089734;dutch
11913333429141393157;norwegian
11875082705236897147;danish
2575663335030063125;english
7270253690264752158;english
1863312619405558287;indonesian
11288569849255473651;english
16220678979231421964;english
12423819400234480707;english
168269390448582497;azerbaijani
9068361698659337781;german
16488618149226934723;english
13684630026052470708;english
12011212625160169736;arabic
7874683379696220083;english
12473807913233757501;english
9309297609623551020;english
13373872710659017139;english
3565258139540585976;english
8838887775439947020;english
8978724005364614186;english
2998906656193897052;english
2527567024134248113;german
12885660316893428397;english
110703026163090819;azerbaijani
3519694292794108103;portuguese
14903326321744455680;english
11292634757949740603;english
11040115851331947357;azerbaijani
3844074164589905284;french
7104847468697269331;english
13546023297958425901;english
9805954649844281578;english
9122963890889825166;english
15574363843046241229;portuguese
1502618342748064211;english
5177606957627033243;azerbaijani
5398776147278610183;arabic
8431384773119705563;azerbaijani
3627540288712596684;english
12721155562054004489;english
10419595971443001192;english
13070007564968963260;english
2039288906459707730;english
4006624867121650374;english
2602683738586078525;english
11771539640050301068;portuguese
13965691713275397698;english
4861677995550773943;english
17212222434364152002;danish
6825676094350451384;english
4009501751201227602;english
338545545580926461;english
8377796210672616862;english
18049539869954131553;dutch
2137744486333194947;english
16830168746414611582;english
2186176672156978114;danish
10478233319730588705;english
15823486992175794968;english
16590697728222389245;english
3468513168857249587;english
15982650304890689206;azerbaijani
13234450719118921470;english
18320873449517857289;french
895675452186493008;english
14334726996506156849;english
4460693046071051853;azerbaijani
10017338336468158380;spanish
7650514471349288333;arabic
7749257777025868836;english
18146343065109108474;english
10594565365821660569;english
4011230712610543590;english
3518380642839896485;english
1477904798158622134;english
7454634706674081712;english
15376455766004555956;english
3231153197493148953;english
848794040159849575;english
8711728756012418440;arabic
10166656165747555588;english
11322691493280654856;english
736884411506910679;english
1408330722009701455;english
17498732929943763420;english
13965944831655170318;english
16513128909103439619;english
8216190824434989753;english
34333847760104907;azerbaijani
10663631385832687292;english
8838505048555338085;danish
4607676149662553367;english
7600156693648352562;english
4726004534594884577;english
4454796245586984984;english
4019029171170551985;arabic
14700490105118143080;english
17059928535273070407;english
14266976555841271544;azerbaijani
6718036636540445106;english
1276035954060336398;english
4711493266114576526;english
1826712297539942127;romanian
17180851637082863353;english
9078558148131556291;english
12189871415707979587;english
15570023465957785;azerbaijani
10684916024212740084;english
5739857328411167233;english
8158023467612617167;english
3842770837740395555;english
10755924483366318389;english
3683753710781658258;english
12388806864641686593;english
10439597614009177386;english
2551782722358585264;azerbaijani
185942333836027609;english
1060977316830682662;english
10866794638626951003;english
12011565388217160511;english
12403160886914495520;english
12422735113051970777;english
6652685636444521121;english
12498898379745325713;english
18155439875422213014;english
9305041752394110574;english
3284886644696987613;english
14695447077437611227;english
16223642289158708705;english
14048990335714533876;english
8050194464673895489;english
5439547373141031742;english
9628902149078457989;english
2195816769502230702;english
17283133302382238210;english
494863827463129965;english
3851156490928249073;english
4843635752482110810;english
14509956514472890699;english
11620733969253793310;english
4142453678802941289;english
8397878520188190752;english
15143947989029973933;english
17981786687549899555;english
6101864803980561434;arabic
12327296179800170360;english
10717973853022008806;english
13576690830903859536;english
10714252229558596847;english
8734509394110599886;english
17553449505887559074;english
17696155046697664139;english
6044167552443853274;azerbaijani
524942296155116023;english
1487078104927210755;english
12291070276594765995;english
16870289163009821657;english
1662864773021436129;romanian
6267527591850115516;english
16503573728207423268;arabic
3213435011618206463;english
2219106940207132888;english
6492708673951451181;english
13687305501720822176;english
9332458658568224729;arabic
8892990464335543195;english
11806537247863567609;english
3122690225298317534;azerbaijani
6699940483056757401;english
12030974685140879944;spanish
13097190337429361113;english
6817365248525694174;azerbaijani
18372735437441698868;english
3481267585323448233;english
6750079631362528566;english
9100058372244553840;english
17969160903355995448;english
10494915872215238093;english
2453210524145656036;arabic
6640160081000961252;english
7779859039969709789;english
12760773082413507249;english
2125829792800067431;english
3129814361129313860;english
16111392918838480561;english
16713554015869604514;arabic
11239940168464780617;arabic
7719366213913872126;english
17195766801089677095;english
10519226361138728509;english
2929661019691330946;english
12790740224587477871;english
12825145166693694672;english
14337225080463319359;english
10192254965635439512;arabic
15412505353291442388;english
10344048419493002618;english
15309972540860927721;english
8420840889198437839;english
3875945157605032187;english
5224284325113445467;english
5885211877255513469;english
7074124575283998605;azerbaijani
8886951250789243281;russian
5077605467464108365;azerbaijani
1664261984954968926;azerbaijani
16382718934308499471;english
11706073840646555996;english
5790535516535865850;english
8103857944956594830;english
7635611815004524509;english
7078070758756368737;azerbaijani
110776885493767326;english
9464297160453835577;english
9151583110674772539;english
11718725420373997652;english
1388542946825278506;arabic
17137078141379892878;azerbaijani
15803501905760975061;danish
15656320417588558626;english
13161012662631626187;english
10412379220006795030;english
6514697640324575151;english
9427637141746498346;arabic
15843750015384905305;english
17084810447671748392;english
6616202317990228857;english
12134838241367899999;english
3524783440280124994;english
17848094293599467157;azerbaijani
14456213628048156758;arabic
9408560650694526612;azerbaijani
13055004088654793519;portuguese
15721086134980529592;english
17392691876969962791;english
15226973374378804809;french
11803180833317911667;english
15456507571284556019;english
8528529264842769961;english
1102037178583597513;indonesian
9033492328376437495;english
12846328189094166320;english
7375363419645750060;azerbaijani
17797138662821480843;english
9103539417120157032;spanish
2616073339576837977;english
18252462400438038280;azerbaijani
2538346154659540634;english
3678333249030551875;english
7852352351358341469;english
6781692495652482919;azerbaijani
5292970852503972475;english
1153894659827624519;azerbaijani
13537378021053099556;english
4429538899935449544;english
4440182053234709992;english
2268563313736729572;english
9111876708000068982;azerbaijani
8601960734475241203;english
10462739574331337452;azerbaijani
16830667347352318756;english
17770790370854036333;english
11656360170844061585;azerbaijani
2549712156698847106;arabic
8214945511312395303;english
2621162778521205925;english
16468890418845311288;english
7242347894847042708;english
1485740443082796661;english
15094563304436840133;english
4272334665474423153;english
6919146449337436543;azerbaijani
6541650761220439951;english
6974704209444837784;english
12826646729610969886;azerbaijani
4143434783876461011;arabic
755625708199627484;english
15989302262816694680;english
13818432277295581685;english
17781716615033843836;english
6760227607500563146;arabic
15900160215215983115;english
15086162110516549582;english
14420438052273257601;english
7112785032404141147;portuguese
766391602607317897;english
626483371418470421;azerbaijani
5688110552864602483;english
428681736507192313;english
6046559987360742182;english
11619779877014352485;english
8222703092561716961;azerbaijani
4727924727749764567;english
7239851948553047432;english
10455878323771734016;english
17734988396967039865;english
1264810637830056913;english
7403898250060196573;azerbaijani
2905545821125613177;portuguese
16276499227355989587;italian
959213724719043249;english
16124873380161827046;english
18264356976253551343;english
15411280791375672522;spanish
10784602271178921153;english
13273574468967003091;english
5413260430041477188;english
16177395289657697163;english
7087333993214861819;english
7528745658676664587;arabic
1419776855019956009;english
10518840041514171836;english
1078218574064779741;english
5295147306188271672;english
3298628429514649917;english
16488767830952623363;english
4969115854947830330;english
7512852956615669755;azerbaijani
13111006883891582099;azerbaijani
9078713589160053938;azerbaijani
16650245300013489791;english
7592338105428014811;english
8701112428693178882;arabic
6748331018215289319;english
5110884237631093078;english
7923252363472239002;english
15648491325390473148;english
11541303424980757706;english
11099453734083692568;english
9156875090110155320;english
6023809570362258096;english
13520497961215234706;english
15803697358776171963;english
13205381430298779214;english
3465160064073117528;english
17685427793225616976;english
3299745502287054994;english
3170567258278672745;english
1323846949587114760;english
9712688521821812980;english
1822393613009893687;azerbaijani
11392880983338120382;english
6893323972865885743;english
8776684901283314139;english
17057237976402090369;english
13412062943071934589;english
18235595263677042054;azerbaijani
13033872706726661234;english
10714366992810652956;english
1644470667069152296;english
4364871355990492706;english
3999139328173459176;english
16428011854165790594;english
10887641639436645838;english
11410644078355008618;azerbaijani
6250256905334559830;english
13602260056497679125;english
13704662071052724913;english
15432397318948757462;english
12228461895017080652;english
9552610512755886707;english
7058299395333759146;english
16267295616586871014;english
948369775324481233;english
16531879374428040042;azerbaijani
3120843456063654826;azerbaijani
12970774607990055831;english
3886987223700812975;english
12334117569442961795;azerbaijani
2168611563023031091;azerbaijani
11851188790610718395;english
18223378202231317015;english
12954226547130211928;english
14342222226073873336;azerbaijani
14422302720562605875;arabic
558576258869352098;german
3265167670507818383;arabic
8345128506333198284;english
16108767410542816921;azerbaijani
4695215516087750149;english
4324791228734774047;english
2083995488675353681;english
17037571399094254845;english
15737472301596894089;english
7994876298254071562;english
9600180795949906446;english
5175298843752791161;azerbaijani
15050647366817441355;english
15637850146136077661;english
17026747360848159720;english
15202409512554995513;english
1890735070369639075;english
15311225330821440396;english
13572722678241992462;arabic
5779470217560442577;english
10683910753312022389;english
14845342137581532920;english
5353888372514216915;english
4745282085112465301;english
7687821474814956295;arabic
5060875683010000316;azerbaijani
348474900409255205;azerbaijani
9077376325745353168;azerbaijani
506245550410071329;azerbaijani
16273427986091388428;english
3812782934982216728;english
11999439653694616842;english
7270519650663655523;english
3892386199795350276;english
6678595905040684565;english
16197761591482678822;english
15422829464451862618;danish
14397439602128550959;danish
3159441754035173244;english
17323940920886478407;english
15398335686253412258;azerbaijani
7176816495339413538;english
13853740560650639158;azerbaijani
2565037407676257664;english
17630385926554530538;english
12836360405043069422;english
13841669340456514136;english
3980990075081574941;english
9718169924129117480;romanian
7451238454353031461;azerbaijani
14727972762830325895;english
15654377978827813952;english
15327533623550844121;english
14989675970125035560;azerbaijani
16702315491973245562;english
125920072273927192;azerbaijani
1900079772563481385;english
6894643024247115886;english
849671439613654130;english
6069447018955992837;english
18421841153001821401;romanian
13196266118116441058;english
7173205755198378578;spanish
2640332736524396202;english
10482981210592510278;english
2220002654681028745;english
6073883258432892498;english
4816132399022647471;english
11142911150941471284;english
16125801646201220848;spanish
17879924790477784622;spanish
9450354488115168333;english
4505989277242851637;french
10014264266108339257;arabic
13188981520933059084;english
17334800425261914496;english
1122445828342151410;azerbaijani
15243231658013871795;azerbaijani
6928559080849674478;english
6372965340255626675;english
8505459298696616427;english
6581610871588191292;english
8368735400700326846;arabic
6502919854293145923;french
16794456739781875155;spanish
15129279881359488251;danish
11628499862061187504;english
594355341737227613;arabic
15968791912395038937;english
6152607916857282527;english
18034355482130761698;english
6088301161404042996;arabic
389941492809777824;english
9388125589074466977;arabic
13186430480830719744;spanish
3094245329812856931;english
17561419254227881102;english
4496191563664168219;arabic
12425326915584362707;english
14619120468969127866;arabic
13841213176538421155;norwegian
791266923739776913;english
12146336973586326450;italian
10244275335862692816;arabic
10241237013752295981;english
5463944357988878515;english
13710516323973842471;english
8477951097203050101;english
5333228071161205509;azerbaijani
13399243587338878960;english
6908465844858348263;spanish
15918037010326219150;french
18254734480570300118;azerbaijani
5675748755209344102;english
